@article{DBLP:journals/corr/SerbanSBCP15,
  author    = {Iulian Vlad Serban and
               Alessandro Sordoni and
               Yoshua Bengio and
               Aaron C. Courville and
               Joelle Pineau},
  title     = {Hierarchical Neural Network Generative Models for Movie Dialogues},
  journal   = {CoRR},
  volume    = {abs/1507.04808},
  year      = {2015},
  url       = {http://arxiv.org/abs/1507.04808},
  timestamp = {Wed, 07 Jun 2017 14:40:30 +0200},
  biburl    = {http://dblp.uni-trier.de/rec/bib/journals/corr/SerbanSBCP15},
  bibsource = {dblp computer science bibliography, http://dblp.org}
}

@article{DBLP:journals/corr/SutskeverVL14,
  author    = {Ilya Sutskever and
               Oriol Vinyals and
               Quoc V. Le},
  title     = {Sequence to Sequence Learning with Neural Networks},
  journal   = {CoRR},
  volume    = {abs/1409.3215},
  year      = {2014},
  url       = {http://arxiv.org/abs/1409.3215},
  timestamp = {Wed, 07 Jun 2017 14:40:10 +0200},
  biburl    = {http://dblp.uni-trier.de/rec/bib/journals/corr/SutskeverVL14},
  bibsource = {dblp computer science bibliography, http://dblp.org}
}